%% This BibTeX bibliography file was created using BibDesk.
%% http://bibdesk.sourceforge.net/


%% Created for lomig at 2013-06-05 22:31:29 +0200 


%% Saved with string encoding Unicode (UTF-8) 



@inproceedings{McDirmid:2012:EMT:2384592.2384605,
	Acmid = {2384605},
	Address = {New York, NY, USA},
	Author = {McDirmid, Sean},
	Booktitle = {Proceedings of the ACM international symposium on New ideas, new paradigms, and reflections on programming and software},
	Date-Added = {2013-06-05 19:59:57 +0000},
	Date-Modified = {2013-06-05 19:59:57 +0000},
	Doi = {10.1145/2384592.2384605},
	Isbn = {978-1-4503-1562-3},
	Keywords = {api recommenders, code completion},
	Location = {Tucson, Arizona, USA},
	Numpages = {12},
	Pages = {127--138},
	Publisher = {ACM},
	Series = {Onward! '12},
	Title = {Escaping the maze of twisty classes},
	Url = {http://doi.acm.org/10.1145/2384592.2384605},
	Year = {2012},
	Bdsk-Url-1 = {http://doi.acm.org/10.1145/2384592.2384605},
	Bdsk-File-1 = {YnBsaXN0MDDUAQIDBAUGJCVYJHZlcnNpb25YJG9iamVjdHNZJGFyY2hpdmVyVCR0b3ASAAGGoKgHCBMUFRYaIVUkbnVsbNMJCgsMDxJXTlMua2V5c1pOUy5vYmplY3RzViRjbGFzc6INDoACgAOiEBGABIAFgAdccmVsYXRpdmVQYXRoWWFsaWFzRGF0YV8QGy4uLy4uL3BhcGVycy9tY2Rpcm1pZDEyLnBkZtIXCxgZV05TLmRhdGFPEQGoAAAAAAGoAAIAAApEaXNxdWUgZHVyAAAAAAAAAAAAAAAAAAAAAADIFsxiSCsAAAD31PIObWNkaXJtaWQxMi5wZGYAAAAAAAAAAAAAAAAAAAAAAAAAAAAAAAAAAAAAAAAAAAAAAAAAAAAAAAAAAAAAAAAAAP5BcM2gPIAAAAAAAAAAAAACAAIAAAkgAAAAAAAAAAAAAAAAAAAABnBhcGVycwAQAAgAAMgWsEIAAAARAAgAAM2gIGAAAAABABgA99TyANKABwAFZF0AMl0IAANtpwAAkhIAAgBIRGlzcXVlIGR1cjpVc2VyczoAbG9taWc6AERyb3Bib3g6AEVQRkw6AGtpbmdwb25nOgBwYXBlcnM6AG1jZGlybWlkMTIucGRmAA4AHgAOAG0AYwBkAGkAcgBtAGkAZAAxADIALgBwAGQAZgAPABYACgBEAGkAcwBxAHUAZQAgAGQAdQByABIAN1VzZXJzL2xvbWlnL0Ryb3Bib3gvRVBGTC9raW5ncG9uZy9wYXBlcnMvbWNkaXJtaWQxMi5wZGYAABMAAS8AABUAAgAM//8AAIAG0hscHR5aJGNsYXNzbmFtZVgkY2xhc3Nlc11OU011dGFibGVEYXRhox0fIFZOU0RhdGFYTlNPYmplY3TSGxwiI1xOU0RpY3Rpb25hcnmiIiBfEA9OU0tleWVkQXJjaGl2ZXLRJidUcm9vdIABAAgAEQAaACMALQAyADcAQABGAE0AVQBgAGcAagBsAG4AcQBzAHUAdwCEAI4ArACxALkCZQJnAmwCdwKAAo4CkgKZAqICpwK0ArcCyQLMAtEAAAAAAAACAQAAAAAAAAAoAAAAAAAAAAAAAAAAAAAC0w==}}

@misc{FixYourTimestep,
	Author = {Glenn Fiedler},
	Date-Added = {2013-06-05 20:00:45 +0000},
	Date-Modified = {2013-06-05 20:18:20 +0000},
	Howpublished = {\url{http://gafferongames.com/game-physics/fix-your-timestep/}},
	Keywords = {game, timestep},
	Month = {September},
	Read = {1},
	Title = {Fix Your Timestep!},
	Url = {http://gafferongames.com/game-physics/fix-your-timestep/},
	Year = {2006}}

@article{Simonyi:2006:IS:1167515.1167511,
	Acmid = {1167511},
	Address = {New York, NY, USA},
	Author = {Simonyi, Charles and Christerson, Magnus and Clifford, Shane},
	Date-Added = {2013-06-05 19:58:09 +0000},
	Date-Modified = {2013-06-05 19:58:09 +0000},
	Doi = {10.1145/1167515.1167511},
	Issn = {0362-1340},
	Issue_Date = {October 2006},
	Journal = {SIGPLAN Not.},
	Keywords = {generative programming, intentional software},
	Month = oct,
	Number = {10},
	Numpages = {14},
	Pages = {451--464},
	Publisher = {ACM},
	Title = {Intentional software},
	Url = {http://doi.acm.org/10.1145/1167515.1167511},
	Volume = {41},
	Year = {2006},
	Bdsk-Url-1 = {http://doi.acm.org/10.1145/1167515.1167511},
	Bdsk-File-1 = {YnBsaXN0MDDUAQIDBAUGJCVYJHZlcnNpb25YJG9iamVjdHNZJGFyY2hpdmVyVCR0b3ASAAGGoKgHCBMUFRYaIVUkbnVsbNMJCgsMDxJXTlMua2V5c1pOUy5vYmplY3RzViRjbGFzc6INDoACgAOiEBGABIAFgAdccmVsYXRpdmVQYXRoWWFsaWFzRGF0YV8QHS4uLy4uL3BhcGVycy9wNDUxLXNpbW9ueWkucGRm0hcLGBlXTlMuZGF0YU8RAbAAAAAAAbAAAgAACkRpc3F1ZSBkdXIAAAAAAAAAAAAAAAAAAAAAAMgWzGJIKwAAAPfU8hBwNDUxLXNpbW9ueWkucGRmAAAAAAAAAAAAAAAAAAAAAAAAAAAAAAAAAAAAAAAAAAAAAAAAAAAAAAAAAAAAAAAA99RbzZW0yAAAAAAAAAAAAAIAAgAACSAAAAAAAAAAAAAAAAAAAAAGcGFwZXJzABAACAAAyBawQgAAABEACAAAzZWYqAAAAAEAGAD31PIA0oAHAAVkXQAyXQgAA22nAACSEgACAEpEaXNxdWUgZHVyOlVzZXJzOgBsb21pZzoARHJvcGJveDoARVBGTDoAa2luZ3Bvbmc6AHBhcGVyczoAcDQ1MS1zaW1vbnlpLnBkZgAOACIAEABwADQANQAxAC0AcwBpAG0AbwBuAHkAaQAuAHAAZABmAA8AFgAKAEQAaQBzAHEAdQBlACAAZAB1AHIAEgA5VXNlcnMvbG9taWcvRHJvcGJveC9FUEZML2tpbmdwb25nL3BhcGVycy9wNDUxLXNpbW9ueWkucGRmAAATAAEvAAAVAAIADP//AACABtIbHB0eWiRjbGFzc25hbWVYJGNsYXNzZXNdTlNNdXRhYmxlRGF0YaMdHyBWTlNEYXRhWE5TT2JqZWN00hscIiNcTlNEaWN0aW9uYXJ5oiIgXxAPTlNLZXllZEFyY2hpdmVy0SYnVHJvb3SAAQAIABEAGgAjAC0AMgA3AEAARgBNAFUAYABnAGoAbABuAHEAcwB1AHcAhACOAK4AswC7Am8CcQJ2AoECigKYApwCowKsArECvgLBAtMC1gLbAAAAAAAAAgEAAAAAAAAAKAAAAAAAAAAAAAAAAAAAAt0=}}

@article{Bodik:2010:PAN:1707801.1706339,
	Acmid = {1706339},
	Address = {New York, NY, USA},
	Author = {Bodik, Rastislav and Chandra, Satish and Galenson, Joel and Kimelman, Doug and Tung, Nicholas and Barman, Shaon and Rodarmor, Casey},
	Date-Added = {2013-04-25 12:24:24 +0000},
	Date-Modified = {2013-04-25 12:26:04 +0000},
	Doi = {10.1145/1707801.1706339},
	Issn = {0362-1340},
	Issue_Date = {January 2010},
	Journal = {SIGPLAN Not.},
	Keywords = {angelic non-determinism, bounded model-checking, constraints, refinement, traces},
	Month = jan,
	Number = {1},
	Numpages = {14},
	Pages = {339--352},
	Publisher = {ACM},
	Read = {0},
	Title = {Programming with angelic nondeterminism},
	Url = {http://doi.acm.org/10.1145/1707801.1706339},
	Volume = {45},
	Year = {2010},
	Bdsk-File-1 = {YnBsaXN0MDDUAQIDBAUGJCVYJHZlcnNpb25YJG9iamVjdHNZJGFyY2hpdmVyVCR0b3ASAAGGoKgHCBMUFRYaIVUkbnVsbNMJCgsMDxJXTlMua2V5c1pOUy5vYmplY3RzViRjbGFzc6INDoACgAOiEBGABIAFgAdccmVsYXRpdmVQYXRoWWFsaWFzRGF0YV8QGy4uLy4uL3BhcGVycy9wMzM5LWJvZGlrLnBkZtIXCxgZV05TLmRhdGFPEQGoAAAAAAGoAAIAAApEaXNxdWUgZHVyAAAAAAAAAAAAAAAAAAAAAADIFsxiSCsAAAD31PIOcDMzOS1ib2Rpay5wZGYAAAAAAAAAAAAAAAAAAAAAAAAAAAAAAAAAAAAAAAAAAAAAAAAAAAAAAAAAAAAAAAAAAPfU3M2VtTUAAAAAAAAAAAACAAIAAAkgAAAAAAAAAAAAAAAAAAAABnBhcGVycwAQAAgAAMgWsEIAAAARAAgAAM2VmRUAAAABABgA99TyANKABwAFZF0AMl0IAANtpwAAkhIAAgBIRGlzcXVlIGR1cjpVc2VyczoAbG9taWc6AERyb3Bib3g6AEVQRkw6AGtpbmdwb25nOgBwYXBlcnM6AHAzMzktYm9kaWsucGRmAA4AHgAOAHAAMwAzADkALQBiAG8AZABpAGsALgBwAGQAZgAPABYACgBEAGkAcwBxAHUAZQAgAGQAdQByABIAN1VzZXJzL2xvbWlnL0Ryb3Bib3gvRVBGTC9raW5ncG9uZy9wYXBlcnMvcDMzOS1ib2Rpay5wZGYAABMAAS8AABUAAgAM//8AAIAG0hscHR5aJGNsYXNzbmFtZVgkY2xhc3Nlc11OU011dGFibGVEYXRhox0fIFZOU0RhdGFYTlNPYmplY3TSGxwiI1xOU0RpY3Rpb25hcnmiIiBfEA9OU0tleWVkQXJjaGl2ZXLRJidUcm9vdIABAAgAEQAaACMALQAyADcAQABGAE0AVQBgAGcAagBsAG4AcQBzAHUAdwCEAI4ArACxALkCZQJnAmwCdwKAAo4CkgKZAqICpwK0ArcCyQLMAtEAAAAAAAACAQAAAAAAAAAoAAAAAAAAAAAAAAAAAAAC0w==},
	Bdsk-Url-1 = {http://doi.acm.org/10.1145/1707801.1706339}}

@misc{AndroidGameLoop,
	Author = {Tamas Jano},
	Date-Added = {2013-06-05 20:28:16 +0000},
	Date-Modified = {2013-06-05 20:30:39 +0000},
	Howpublished = {\url{http://obviam.net/index.php/the-android-game-loop/}},
	Keywords = {game, timestep, android},
	Month = {August},
	Title = {The android game loop},
	Year = {2010}}

@comment{BibDesk Static Groups{
<?xml version="1.0" encoding="UTF-8"?>
<!DOCTYPE plist PUBLIC "-//Apple//DTD PLIST 1.0//EN" "http://www.apple.com/DTDs/PropertyList-1.0.dtd">
<plist version="1.0">
<array>
	<dict>
		<key>group name</key>
		<string>Pong Designer</string>
		<key>keys</key>
		<string>AndroidGameLoop,Simonyi:2006:IS:1167515.1167511,McDirmid:2012:EMT:2384592.2384605,Bodik:2010:PAN:1707801.1706339,FixYourTimestep</string>
	</dict>
</array>
</plist>
}}
